
@article{adeuxMitigatingCropYield2019,
  title = {Mitigating Crop Yield Losses through Weed Diversity},
  author = {Adeux, Guillaume and Vieren, Eric and Carlesi, Stefano and B{\`a}rberi, Paolo and {Munier-Jolain}, Nicolas and Cordeau, St{\'e}phane},
  year = {2019},
  month = nov,
  journal = {Nat Sustain},
  volume = {2},
  number = {11},
  pages = {1018--1026},
  publisher = {{Nature Publishing Group}},
  issn = {2398-9629},
  doi = {10/gmw5sz},
  copyright = {2019 The Author(s), under exclusive licence to Springer Nature Limited},
  langid = {english},
  annotation = {Bandiera\_abtest: a Cg\_type: Nature Research Journals Primary\_atype: Research Subject\_term: Agroecology;Agriculture;Plant ecology Subject\_term\_id: agri-ecology;agriculture;plant-ecology}
}

@article{alataloProblemsMeasurementEvenness1981,
  title = {Problems in the Measurement of Evenness in Ecology},
  author = {Alatalo, Rauno V.},
  year = {1981},
  journal = {Oikos},
  volume = {37},
  number = {2},
  pages = {199--204},
  publisher = {{[Nordic Society Oikos, Wiley]}},
  issn = {0030-1299},
  doi = {10/drcgjd}
}

@misc{allaireRmarkdownDynamicDocuments2021,
  ids = {allaireRmarkdownDynamicDocuments2020},
  title = {Rmarkdown: {{Dynamic}} Documents for {{R}}},
  shorttitle = {Rmarkdown},
  author = {Allaire, J. J. and Xie, Yihui and McPherson, Jonathan and Luraschi, Javier and Ushey, Kevin and Atkins, Aron and Wickham, Hadley and Cheng, Joe and Chang, Winston and Iannone, Richard and Dunning, Andrew and {filter)}, Atsushi Yasumoto (Number sections Lua and Schloerke, Barret and Sievert, Carson and Dervieux, Christophe and Ryan, Devon and Aust, Frederik and Allen, Jeff and Seo, JooYoung and Barrett, Malcolm and Hyndman, Rob and Lesur, Romain and Storey, Roy and Arslan, Ruben and Oller, Sergio and RStudio and PBC and library; authors listed in {inst/rmd/h/jqueryui-AUTHORS.txt)}, jQuery UI contributors (jQuery UI and {library)}, Mark Otto (Bootstrap and {library)}, Jacob Thornton (Bootstrap and {library)}, Bootstrap contributors (Bootstrap and Twitter and {library)}, Inc (Bootstrap and {library)}, Alexander Farkas (html5shiv and js {library)}, Scott Jehl (Respond and js {library)}, Ivan Sagalaev (highlight and {library)}, Greg Franko (tocify and {templates)}, John MacFarlane (Pandoc and Google and {library)}, Inc (ioslides and {library)}, Dave Raggett (slidy and {library)}, W3C (slidy and {Gandy (Font-Awesome)}, Dave and Sperry (Ionicons), Ben and Drifty (Ionicons) and StickyTabs), Aidan Lister (jQuery and {filter)}, Benct Philip Jonsson (pagebreak Lua and {filter)}, Albert Krewinkel (pagebreak Lua},
  year = {2021},
  month = sep,
  copyright = {GPL-3},
  keywords = {ReproducibleResearch}
}

@book{alstromFundamentalsWeedManagement1990,
  title = {Fundamentals of Weed Management in Hot Climate Peasant Agriculture: {{A}} Multi-Disciplinary Study of Principles, Potentials and Practices Primarily Based on {{Indian}} and International Weed Science Literature},
  shorttitle = {Fundamentals of Weed Management in Hot Climate Peasant Agriculture},
  author = {Alstr{\"o}m, Styrbj{\"o}rn},
  year = {1990},
  series = {Crop Production Science},
  number = {11},
  publisher = {{Swedish Univ. of Agricultural Sciences}},
  address = {{Uppsala}},
  isbn = {978-91-576-4403-9},
  langid = {english}
}

@incollection{altieriDesigningPeststableVegetationally2004,
  title = {Designing Pest-Stable Vegetationally Diverse Agroecosystems},
  booktitle = {Biodiversity and {{Pest Management}} in {{Agroecosystems}}},
  author = {Altieri, Miguel and Nicholls, Clara},
  year = {2004},
  edition = {Second},
  publisher = {{CRC Press}},
  isbn = {978-1-315-27403-4}
}

@article{altieriEcologicalRoleWeeds1977,
  title = {The Ecological Role of Weeds in Insect Pest Management Systems: {{A}} Review Illustrated by Bean ({{{\emph{Phaseolus vulgaris}}}}) Cropping Systems},
  shorttitle = {The Ecological Role of Weeds in Insect Pest Management Systems},
  author = {Altieri, M. A. and {van Schoonhoven}, A. and Doll, J.},
  year = {1977},
  month = jun,
  journal = {PANS},
  volume = {23},
  number = {2},
  pages = {195--205},
  publisher = {{Taylor \& Francis}},
  issn = {0309-7943},
  doi = {10/c9qvkj},
  annotation = {\_eprint: https://doi.org/10.1080/09670877709412428}
}

@incollection{altieriInsectManipulationWeed2004,
  title = {Insect Manipulation through Weed Management},
  booktitle = {Biodiversity and {{Pest Management}} in {{Agroecosystems}}},
  author = {Altieri, Miguel and Nicholls, Clara},
  year = {2004},
  edition = {Second},
  publisher = {{CRC Press}},
  isbn = {978-1-315-27403-4}
}

@article{altieriVegetationManagementBiological1982,
  title = {Vegetation Management and Biological Control in Agroecosystems},
  author = {Altieri, Miguel A. and Letourneau, Deborah K.},
  year = {1982},
  month = dec,
  journal = {Crop Protection},
  volume = {1},
  number = {4},
  pages = {405--430},
  issn = {0261-2194},
  doi = {10/fgdrgw},
  langid = {english}
}

@misc{auguieGridExtraMiscellaneousFunctions2017,
  ids = {auguieGridExtraMiscellaneousFunctions2017a},
  title = {{{gridExtra}}: {{Miscellaneous}} Functions for "Grid" Graphics},
  shorttitle = {Gridextra},
  author = {Auguie, Baptiste and Antonov, Anton},
  year = {2017},
  month = sep,
  copyright = {GPL-2 | GPL-3 [expanded from: GPL ({$\geq$} 2)]}
}

@article{avolioComprehensiveApproachAnalyzing2019,
  title = {A Comprehensive Approach to Analyzing Community Dynamics Using Rank Abundance Curves},
  author = {Avolio, Meghan L. and Carroll, Ian T. and Collins, Scott L. and Houseman, Gregory R. and Hallett, Lauren M. and Isbell, Forest and Koerner, Sally E. and Komatsu, Kimberly J. and Smith, Melinda D. and Wilcox, Kevin R.},
  year = {2019},
  month = oct,
  journal = {Ecosphere},
  volume = {10},
  number = {10},
  issn = {2150-8925, 2150-8925},
  doi = {10/ggbdth}
}

@article{ballWeedCommunityStructure2019,
  title = {Weed Community Structure and Soybean Yields in a Long-Term Organic Cropping Systems Experiment},
  author = {Ball, Margaret G. and Caldwell, Brian A. and DiTommaso, Antonio and Drinkwater, Laurie E. and Mohler, Charles L. and Smith, Richard G. and Ryan, Matthew R.},
  year = {2019},
  month = nov,
  journal = {Weed Sci},
  volume = {67},
  number = {6},
  pages = {673--681},
  issn = {1550-2759},
  doi = {10/gmv3r4},
  langid = {english}
}

@article{bastiaansDesignWeedManagement2000,
  title = {Design of Weed Management Systems with a Reduced Reliance on Herbicides Poses New Challenges and Prerequisites for Modeling Crop\textendash Weed Interactions},
  author = {Bastiaans, L. and Kropff, M. J. and Goudriaan, J. and {van Laar}, H. H.},
  year = {2000},
  month = jul,
  journal = {Field Crops Research},
  volume = {67},
  number = {2},
  pages = {161--179},
  issn = {0378-4290},
  doi = {10/czmcrx},
  file = {/Users/huongnguyen/Zotero/storage/XZV8ARPT/Bastiaans et al. - 2000 - Design of weed management systems with a reduced r.pdf}
}

@misc{batesLme4LinearMixedeffects2021,
  ids = {batesLme4LinearMixedEffects2020},
  title = {Lme4: Linear Mixed-Effects Models Using 'eigen' and {{S4}}},
  shorttitle = {Lme4},
  author = {Bates, Douglas and Maechler, Martin and Bolker, Ben and Walker, Steven and Christensen, Rune Haubo Bojesen and Singmann, Henrik and Dai, Bin and Scheipl, Fabian and Grothendieck, Gabor and Green, Peter and Fox, John and Bauer, Alexander and Krivitsky, Pavel N.},
  year = {2021},
  month = jun,
  copyright = {GPL-2 | GPL-3 [expanded from: GPL ({$\geq$} 2)]}
}

@article{beillouinPositiveVariableEffects2021,
  title = {Positive but Variable Effects of Crop Diversification on Biodiversity and Ecosystem Services},
  author = {Beillouin, Damien and Ben-Ari, Tamara and Mal{\'e}zieux, Eric and Seufert, Verena and Makowski, David},
  year = {2021},
  month = oct,
  journal = {Glob Change Biol},
  volume = {27},
  number = {19},
  pages = {4697--4710},
  issn = {1354-1013, 1365-2486},
  doi = {10/gkkbqm},
  langid = {english}
}

@article{benbrookImpactsGeneticallyEngineered2012,
  title = {Impacts of Genetically Engineered Crops on Pesticide Use in the {{U}}.{{S}}. -- the First Sixteen Years},
  author = {Benbrook, Charles M.},
  year = {2012},
  month = sep,
  journal = {Environmental Sciences Europe},
  volume = {24},
  pages = {24},
  issn = {2190-4715},
  doi = {10/gddc7t},
  keywords = {2;4-D,Biotechnology and pesticide use,Bt crops,Genetically engineered corn,Glyphosate,Glyphosate resistant weeds,Herbicide-resistant crops,Herbicide-tolerant soybeans,Roundup Ready crops},
  file = {/Users/huongnguyen/Zotero/storage/IY8FKI7D/Benbrook - 2012 - Impacts of genetically engineered crops on pestici.pdf}
}

@article{blaixQuantificationRegulatingEcosystem2018,
  title = {Quantification of Regulating Ecosystem Services Provided by Weeds in Annual Cropping Systems Using a Systematic Map Approach},
  author = {Blaix, C and Moonen, A C and Dostatny, D F and Izquierdo, J and Le Corff, J and Morrison, J and Von Redwitz, C and Schumacher, M and Westerman, P R},
  year = {2018},
  journal = {Weed Research},
  volume = {58},
  number = {3},
  pages = {151--164},
  issn = {1365-3180},
  doi = {10/gdkkpv},
  langid = {english},
  annotation = {\_eprint: https://onlinelibrary.wiley.com/doi/pdf/10.1111/wre.12303}
}

@article{blubaughDoesEnemiesHypothesis2021,
  title = {Does the ``{{Enemies Hypothesis}}'' Operate by Enhancing Natural Enemy Evenness?},
  author = {Blubaugh, Carmen K. and Asplund, Jacob S. and Smith, Olivia M. and Snyder, William E.},
  year = {2021},
  month = jan,
  journal = {Biological Control},
  volume = {152},
  pages = {104464},
  issn = {10499644},
  doi = {10/gmzqfg},
  langid = {english}
}

@inbook{borcardUnconstrainedOrdination2018,
  title = {Unconstrained Ordination},
  booktitle = {Numerical {{Ecology}} with {{R}}},
  author = {Borcard, Daniel and Gillet, Fran{\c c}ois and Legendre, Pierre},
  year = {2018},
  pages = {151--201},
  publisher = {{Springer International Publishing}},
  address = {{Cham}},
  doi = {10.1007/978-3-319-71404-2_5},
  collaborator = {Borcard, Daniel and Gillet, Fran{\c c}ois and Legendre, Pierre},
  isbn = {978-3-319-71403-5 978-3-319-71404-2},
  langid = {english}
}

@article{bowlesLongtermEvidenceShows2020,
  title = {Long-Term Evidence Shows That Crop-Rotation Diversification Increases Agricultural Resilience to Adverse Growing Conditions in {{North America}}},
  author = {Bowles, Timothy M. and Mooshammer, Maria and Socolar, Yvonne and Calder{\'o}n, Francisco and Cavigelli, Michel A. and Culman, Steve W. and Deen, William and Drury, Craig F. and {Garcia y Garcia}, Axel and Gaudin, Am{\'e}lie C.M. and Harkcom, W. Scott and Lehman, R. Michael and Osborne, Shannon L. and Robertson, G. Philip and Salerno, Jonathan and Schmer, Marty R. and Strock, Jeffrey and Grandy, A. Stuart},
  year = {2020},
  month = mar,
  journal = {One Earth},
  volume = {2},
  number = {3},
  pages = {284--293},
  issn = {25903322},
  doi = {10/gjj4j5},
  langid = {english}
}

@article{brookesKeyEnvironmentalImpacts2013,
  title = {Key Environmental Impacts of Global Genetically Modified ({{GM}}) Crop Use 1996\textendash 2011},
  author = {Brookes, Graham and Barfoot, Peter},
  year = {2013},
  month = apr,
  journal = {GM Crops \& Food},
  volume = {4},
  number = {2},
  pages = {109--119},
  issn = {2164-5698},
  doi = {10/gddc8b},
  pmid = {23635915},
  keywords = {biotechnology,carbon sequestration,GMO,no tillage,pesticide},
  file = {/Users/huongnguyen/Zotero/storage/V8D9N7IB/Brookes and Barfoot - 2013 - Key environmental impacts of global genetically mo.pdf}
}

@article{buhlerEmergencePersistenceSeed2001,
  title = {Emergence and Persistence of Seed of Velvetleaf, Common Waterhemp, Woolly Cupgrass, and Giant Foxtail},
  author = {Buhler, Douglas D. and Hartzler, Robert G.},
  year = {2001},
  month = apr,
  journal = {Weed Science},
  volume = {49},
  number = {2},
  pages = {230--235},
  issn = {0043-1745, 1550-2759},
  doi = {10/dmnt6f}
}

@article{cardinaNatureConsequenceWeed1997,
  title = {The Nature and Consequence of Weed Spatial Distribution},
  author = {Cardina, John and Johnson, Gregg A. and Sparrow, Denise H.},
  year = {1997},
  journal = {Weed Science},
  volume = {45},
  number = {3},
  pages = {364--373},
  issn = {0043-1745},
  doi = {10/ghkhdv},
  keywords = {Geostatistics,Patchiness,Spatial pattern,Variography}
}

@article{caversSeedBanksMemory1995,
  title = {Seed Banks: {{Memory}} in Soil},
  shorttitle = {Seed Banks},
  author = {Cavers, Paul B.},
  year = {1995},
  month = feb,
  journal = {Can. J. Soil. Sci.},
  volume = {75},
  number = {1},
  pages = {11--13},
  issn = {0008-4271, 1918-1841},
  doi = {10/fpp64d},
  langid = {english}
}

@misc{centerforspatialinformationscienceandsystemsCropScapeCroplandData2021,
  type = {{Crop Frequency Layers}},
  title = {{CropScape - Cropland Data Layer}},
  author = {{Center for Spatial Information Science {and} Systems}},
  year = {2021},
  publisher = {{USDA NASS}},
  langid = {English (US)}
}

@article{chenInfluenceResidueNitrogen2014,
  title = {Influence of Residue and Nitrogen Fertilizer Additions on Carbon Mineralization in Soils with Different Texture and Cropping Histories},
  author = {Chen, Xianni and Wang, Xudong and Liebman, Matt and Cavigelli, Michel and Wander, Michelle},
  year = {2014},
  month = jul,
  journal = {PLoS One},
  volume = {9},
  number = {7},
  pages = {e103720},
  issn = {1932-6203},
  doi = {10/f6ntt7},
  pmcid = {PMC4117633},
  pmid = {25078458},
  keywords = {Agricultural methods,Agricultural soil science,Carbon dioxide,Carbon sequestration,Clay mineralogy,Crops,Fertilizers,Particulates},
  file = {/Users/huongnguyen/Zotero/storage/QXG2AXNH/Chen et al. - 2014 - Influence of Residue and Nitrogen Fertilizer Addit.pdf}
}

@article{clarkeNonparametricMultivariateAnalyses1993,
  title = {Non-Parametric Multivariate Analyses of Changes in Community Structure},
  author = {Clarke, K. R.},
  year = {1993},
  month = mar,
  journal = {Austral Ecol},
  volume = {18},
  number = {1},
  pages = {117--143},
  issn = {1442-9985, 1442-9993},
  doi = {10/d7x85z},
  langid = {english}
}

@article{cordeauHowWeedsDiffer2017,
  title = {How Do Weeds Differ in Their Response to the Timing of Tillage? {{A}} Study of 61 Species across the {{Northeastern United States}}: {{Weed}} Response to Timing of Tillage},
  shorttitle = {How Do Weeds Differ in Their Response to the Timing of Tillage?},
  author = {Cordeau, St{\'e}phane and Smith, Richard G. and Gallandt, Eric R. and Brown, Bryan and Salon, Paul and DiTommaso, Antonio and Ryan, Matthew R.},
  year = {2017},
  month = nov,
  journal = {Ann Appl Biol},
  volume = {171},
  number = {3},
  pages = {340--352},
  issn = {00034746},
  doi = {10/gcgzch},
  langid = {english}
}

@book{crawleyBook2013,
  title = {The {{R}} Book},
  author = {Crawley, Michael J.},
  year = {2013},
  edition = {Second edition},
  publisher = {{Wiley}},
  address = {{Chichester, West Sussex, UK}},
  isbn = {978-1-118-44896-0 978-1-118-44894-6 978-1-118-44892-2},
  lccn = {QA276.45.R3},
  keywords = {Data processing,Mathematical statistics,MATHEMATICS / Probability \& Statistics / General,R (Computer program language)}
}

@article{culpepperGlyphosateinducedWeedShifts2006,
  title = {Glyphosate-Induced Weed Shifts},
  author = {Culpepper, A. Stanley},
  year = {2006},
  month = jun,
  journal = {Weed Technology},
  volume = {20},
  number = {2},
  pages = {277--281},
  issn = {0890-037X, 1550-2740},
  doi = {10/c9rw9b},
  langid = {english}
}

@article{davisCroppingSystemEffects2003,
  title = {Cropping System Effects on Giant Foxtail ({{{\emph{Setaria faberi}}}}) Demography: {{I}}. {{Green}} Manure and Tillage Timing},
  shorttitle = {Cropping System Effects on Giant Foxtail ({{Setaria}} Faberi) Demography},
  author = {Davis, Adam S. and Liebman, Matt},
  year = {2003},
  month = dec,
  journal = {Weed Science},
  volume = {51},
  number = {6},
  pages = {919--929},
  issn = {0043-1745, 1550-2759},
  doi = {10/bxq7q8},
  keywords = {allelopathy,arthropod activity-density,corn,dormancy,fecundity,Giant foxtail,Glycine max (L.) Merr. ‘IA 2039’,integrated weed management,postdispersal seed predation,red clover,seedbank dynamics,seedling recruitment,Setaria faberi Herrm. SETFA,Soil organic amendments,soybean,spring wheat,Trifolium pratense L. ‘Cherokee’,Triticum aestivum L. ‘Sharp’,Zea mays L. ‘Pioneer 3512’}
}

@article{davisCroppingSystemEffects2003a,
  title = {Cropping System Effects on Giant Foxtail ({{{\emph{Setaria faberi}}}}) Demography: {{II}}. {{Retrospective}} Perturbation Analysis},
  shorttitle = {Cropping System Effects on Giant Foxtail ({{Setaria}} Faberi) Demography},
  author = {Davis, Adam S. and Dixon, Philip M. and Liebman, Matt},
  year = {2003},
  month = dec,
  journal = {Weed Science},
  volume = {51},
  number = {6},
  pages = {930--939},
  issn = {0043-1745, 1550-2759},
  doi = {10/btzt2v},
  langid = {english},
  keywords = {corn,crop rotation,Giant foxtail,Glycine max L. ‘IA 2039’,integrated weed management,legume green manure,Life-table response experiment,red clover,seed predation,Setaria faberi Herrm. SETFA,simulation model,soybean,spring wheat,Trifolium pratense L. ‘Cherokee’,Triticum aestivum L. ‘Sharp’,Zea mays L. ‘Pioneer 3512’}
}

@article{davisEnvironmentalFactorsAffecting2005,
  ids = {davisEnvironmentalFactorsAffecting2005a},
  title = {Environmental Factors Affecting Seed Persistence of Annual Weeds across the {{U}}.{{S}}. {{Corn Belt}}},
  author = {Davis, Adam S. and Cardina, John and Forcella, Frank and Johnson, Gregg A. and Kegode, George and Lindquist, John L. and Luschei, Edward C. and Renner, Karen A. and Sprague, Christy L. and Williams, Martin M.},
  year = {2005},
  month = dec,
  journal = {Weed Science},
  volume = {53},
  number = {6},
  pages = {860--868},
  publisher = {{[Cambridge University Press, Weed Science Society of America]}},
  issn = {0043-1745, 1550-2759},
  doi = {10/dmvcdf},
  langid = {english}
}

@article{davisIncreasingCroppingSystem2012,
  title = {Increasing Cropping System Diversity Balances Productivity, Profitability and Environmental Health},
  author = {Davis, Adam S. and Hill, Jason D. and Chase, Craig A. and Johanns, Ann M. and Liebman, Matt},
  year = {2012},
  month = oct,
  journal = {PLOS ONE},
  volume = {7},
  number = {10},
  pages = {e47149},
  issn = {1932-6203},
  doi = {10/f39nr2},
  keywords = {Biodiversity,Cereal crops,Crops,Fertilizers,Herbicides,Maize,Soybean,Weeds},
  file = {/Users/huongnguyen/Zotero/storage/CCVT2VSC/Davis et al. - 2012 - Increasing Cropping System Diversity Balances Prod.pdf}
}

@article{davisWeedSeedbankCommunity2005,
  title = {Weed Seedbank and Community Shifts in a Long-Term Cropping Systems Experiment},
  author = {Davis, Adam S. and Renner, Karen A. and Gross, Katherine L.},
  year = {2005},
  month = jun,
  journal = {Weed Science},
  volume = {53},
  number = {3},
  pages = {296--306},
  issn = {0043-1745, 1550-2759},
  doi = {10/fkd3dj},
  langid = {english},
  keywords = {(L.) Merr. ‘Pioneer 9172’,(L.) Vill. STEME,/span\&gt,\&gt,\&lt,Amaranthus retroflexus\&lt,AMARE,Chenopodium album\&lt,Common chickweed,common lambsquarters,corn,Cropping systems,density,Digitaria sanguinalis\&lt,diversity,fall panicum,Glycine max\&lt,interference,italic\&\#39,L.,L. ‘Michigan Mammoth Red’,L. ‘Pioneer 2552’,L. ‘Pioneer 3573’,L. CHEAL,L. DIGSA,large crabgrass,Michx. PANDI,multivariate analysis,Panicum dichotomiflorum\&lt,red clover,redroot pigweed,richness,seedbank,soybean,span class=\&\#39,Stellaria media\&lt,Trifolium pratense\&lt,Triticum aestivum\&lt,weed community,wheat,Zea mays\&lt},
  file = {/Users/huongnguyen/Zotero/storage/VQW6UDSS/Davis et al. - 2005 - Weed seedbank and community shifts in a long-term .pdf}
}

@article{dayanDiscoveryNewHerbicide2020,
  title = {Discovery for New Herbicide Sites of Action by Quantification of Plant Primary Metabolite and Enzyme Pools},
  author = {Dayan, Franck E. and Duke, Stephen O.},
  year = {2020},
  month = may,
  journal = {Engineering},
  volume = {6},
  number = {5},
  pages = {509--514},
  issn = {20958099},
  doi = {10/gmznzd}
}

@article{derrouchWeedCommunityDiversity2021,
  title = {Weed Community Diversity in Conservation Agriculture: {{Post-adoption}} Changes},
  shorttitle = {Weed Community Diversity in Conservation Agriculture},
  author = {Derrouch, Damien and Dessaint, Fabrice and Fried, Guillaume and Chauvel, Bruno},
  year = {2021},
  month = jun,
  journal = {Agriculture, Ecosystems \& Environment},
  volume = {312},
  pages = {107351},
  issn = {01678809},
  doi = {10/gh55tt}
}

@incollection{diamondUseAbioticSetting2017,
  title = {Use of Abiotic Setting Surrogates for Reserve Selection and Design},
  booktitle = {Reference {{Module}} in {{Earth Systems}} and {{Environmental Sciences}}},
  author = {Diamond, D. D. and Elliott, L. F.},
  year = {2017},
  month = jan,
  publisher = {{Elsevier}},
  doi = {10.1016/B978-0-12-409548-9.09528-2},
  isbn = {978-0-12-409548-9},
  langid = {english},
  keywords = {Abiotic,Biodiversity,Biology,Climate change,Conservation,Ecology,Geophysical,Nature,Reserve}
}

@article{dixonShouldBlocksBe2016,
  title = {Should Blocks Be Fixed or Random?},
  author = {Dixon, Philip},
  year = {2016},
  month = may,
  journal = {Conference on Applied Statistics in Agriculture},
  issn = {2475-7772},
  doi = {10/gjggh8}
}

@incollection{dukeEvolutionWeedResistance2017,
  title = {Evolution of Weed Resistance to Herbicides: {{What}} Have We Learned after 70 Years?},
  shorttitle = {Evolution of Weed Resistance to Herbicides},
  booktitle = {Biology, {{Physiology}} and {{Molecular Biology}} of {{Weeds}}},
  author = {Duke, Stephen O. and Heap, Ian},
  year = {2017},
  publisher = {{CRC Press}},
  isbn = {978-1-315-12103-1}
}

@article{dukeGlyphosateOnceinacenturyHerbicide2008,
  title = {Glyphosate: A Once-in-a-Century Herbicide},
  shorttitle = {Glyphosate},
  author = {Duke, Stephen O and Powles, Stephen B},
  year = {2008},
  month = apr,
  journal = {Pest. Manag. Sci.},
  volume = {64},
  number = {4},
  pages = {319--325},
  issn = {1526498X},
  doi = {10/dmsmf8},
  langid = {english}
}

@article{dukeGlyphosateresistantCropsWeeds2009,
  title = {Glyphosate-Resistant Crops and Weeds: {{Now}} and in the Future},
  shorttitle = {Glyphosate-Resistant Crops and Weeds},
  author = {Duke, Stephen O. and Powles, Stephen B.},
  year = {2009},
  issn = {1522-936X},
  langid = {english},
  keywords = {⛔ No DOI found}
}

@article{dukeWhyHaveNo2012,
  title = {Why Have No New Herbicide Modes of Action Appeared in Recent Years?},
  author = {Duke, Stephen O.},
  year = {2012},
  month = apr,
  journal = {Pest Management Science},
  volume = {68},
  number = {4},
  pages = {505--512},
  issn = {1526-4998},
  doi = {10/fzm38s},
  copyright = {Copyright \textcopyright{} 2011 Society of Chemical Industry},
  keywords = {glyphosate,herbicide,mode of action,resistance},
  file = {/Users/huongnguyen/Zotero/storage/769XMV6V/Duke - 2012 - Why have no new herbicide modes of action appeared.pdf}
}

@book{ervinImpactGeneticallyEngineered2010,
  title = {The Impact of Genetically Engineered Crops on Farm Sustainability in the {{United States}}},
  author = {Ervin, D.E. and Carriere, Y. and Cox, W. J. and {Fernandez-Cornejo}, J. and Jussaume, R. A. and Marra, M. C. and Owen, M. D. K. and Raven, P. H. and Wolfenbarger, L. L. and Zilberman, D.},
  year = {2010},
  publisher = {{National Academies Press}},
  address = {{Washington, D.C.}}
}

@article{ferreroWeedDiversityAffects2017,
  title = {Weed Diversity Affects Soybean and Maize Yield in a Long Term Experiment in {{Michigan}}, {{USA}}},
  author = {Ferrero, Rosana and Lima, Mauricio and Davis, Adam S. and {Gonzalez-Andujar}, Jose L.},
  year = {2017},
  journal = {Frontiers in Plant Science},
  volume = {8},
  pages = {236},
  issn = {1664-462X},
  doi = {10/gmq87w}
}

@article{forcellaDebitingSeedbankPriorities2003,
  title = {Debiting the Seedbank: {{Priorities}} and Predictions},
  author = {Forcella, Frank},
  year = {2003},
  journal = {Aspects of Applied Biology},
  volume = {69},
  pages = {151--162},
  keywords = {⛔ No DOI found}
}

@article{forcellaWeedSeedbanksCorn1992,
  title = {Weed Seedbanks of the {{U}}.{{S}}. {{Corn Belt}}: {{Magnitude}}, Variation, Emergence, and Application},
  shorttitle = {Weed Seedbanks of the u.s. Corn Belt},
  author = {Forcella, Frank and Wilson, Robert G. and Renner, Karen A. and Dekker, Jack and Harvey, Robert G. and Alm, David A. and Buhler, Douglas D. and Cardina, John},
  year = {1992},
  journal = {Weed Science},
  volume = {40},
  number = {4},
  pages = {636--644},
  issn = {0043-1745}
}

@article{friedTrajectoriesWeedCommunities2012,
  title = {Trajectories of Weed Communities Explained by Traits Associated with Species' Response to Management Practices},
  author = {Fried, Guillaume and Kazakou, Elena and Gaba, Sabrina},
  year = {2012},
  month = sep,
  journal = {Agriculture, Ecosystems \& Environment},
  volume = {158},
  pages = {147--155},
  issn = {0167-8809},
  doi = {10/f36znx},
  keywords = {Arable weeds,Biodiversity,Functional groups,Herbicides,RLQ-analysis,Tillage systems},
  file = {/Users/huongnguyen/Zotero/storage/2B7U8RGQ/Fried et al. - 2012 - Trajectories of weed communities explained by trai.pdf}
}

@article{frisvoldOverviewHerbicideResistant2009,
  title = {{Overview: Herbicide resistant crops-diffusion, benefits, pricing, and resistance management}},
  shorttitle = {{Overview}},
  author = {Frisvold, George B. and Hurley, Terrance M. and Mitchell, Paul D.},
  year = {2009},
  journal = {AgBioForum},
  volume = {12},
  number = {3-4},
  pages = {244--248},
  issn = {1522-936X},
  langid = {English (US)},
  keywords = {⛔ No DOI found}
}

@article{gabaAgroecologicalWeedControl2014,
  title = {Agroecological Weed Control Using a Functional Approach: {{A}} Review of Cropping Systems Diversity},
  shorttitle = {Agroecological Weed Control Using a Functional Approach},
  author = {Gaba, Sabrina and Fried, Guillaume and Kazakou, Elena and Chauvel, Bruno and Navas, Marie-Laure},
  year = {2014},
  month = jan,
  journal = {Agron. Sustain. Dev.},
  volume = {34},
  number = {1},
  pages = {103--119},
  issn = {1773-0155},
  doi = {10/gkmznh},
  langid = {english}
}

@article{gianessiValueHerbicidesCrop2007,
  title = {The Value of Herbicides in {{U}}.{{S}}. Crop Production},
  author = {Gianessi, Leonard P. and Reigner, Nathan P.},
  year = {2007},
  month = apr,
  journal = {Weed Technology},
  volume = {21},
  number = {2},
  pages = {559--566},
  issn = {0890-037X, 1550-2740},
  doi = {10/cg4s9h},
  file = {/Users/huongnguyen/Zotero/storage/669LGHQN/Gianessi and Reigner - 2007 - The Value of Herbicides in U.S. Crop Production.pdf}
}

@misc{goodeGgResidpanelPanelsInteractive2019,
  title = {{{ggResidpanel}}: {{Panels}} and Interactive Versions of Diagnostic Plots Using 'Ggplot2'},
  shorttitle = {Ggresidpanel},
  author = {Goode, Katherine and Rey, Kathleen},
  year = {2019},
  month = may,
  copyright = {MIT + file LICENSE}
}

@article{greenHerbicideresistantCropsUtilities2011,
  title = {Herbicide-Resistant Crops: {{Utilities}} and Limitations for Herbicide-Resistant Weed Management},
  shorttitle = {Herbicide-Resistant Crops},
  author = {Green, Jerry M. and Owen, Micheal D. K.},
  year = {2011},
  month = jun,
  journal = {J. Agric. Food Chem.},
  volume = {59},
  number = {11},
  pages = {5819--5829},
  issn = {0021-8561},
  doi = {10/d9mdzr},
  file = {/Users/huongnguyen/Zotero/storage/L8P46G46/Green and Owen - 2011 - Herbicide-Resistant Crops Utilities and Limitatio.pdf}
}

@article{guldenEffectRotationIncrop2011,
  ids = {guldenEffectRotationInCrop2011},
  title = {The Effect of Rotation and In-Crop Weed Management on the Germinable Weed Seedbank after 10 Years},
  author = {Gulden, Robert H. and Lewis, Derek W. and Froese, Jane C. and Van Acker, Rene C. and Martens, Gary B. and Entz, Martin H. and Derksen, Doug A. and Bell, Lindsay W.},
  year = {2011},
  journal = {Weed Science},
  volume = {59},
  number = {4},
  pages = {553--561},
  publisher = {{[Cambridge University Press, Weed Science Society of America]}},
  issn = {00431745, 15502759},
  doi = {10/ffs3x5}
}

@article{gurrMulticountryEvidenceThat2016,
  ids = {gurrMulticountryEvidenceThat2016a,gurrMulticountryEvidenceThat2016b},
  title = {Multi-Country Evidence That Crop Diversification Promotes Ecological Intensification of Agriculture},
  author = {Gurr, Geoff M. and Lu, Zhongxian and Zheng, Xusong and Xu, Hongxing and Zhu, Pingyang and Chen, Guihua and Yao, Xiaoming and Cheng, Jiaan and Zhu, Zengrong and Catindig, Josie Lynn and Villareal, Sylvia and Van Chien, Ho and Cuong, Le Quoc and Channoo, Chairat and Chengwattana, Nalinee and Lan, La Pham and Hai, Le Huu and Chaiwong, Jintana and Nicol, Helen I. and Perovic, David J. and Wratten, Steve D. and Heong, Kong Luen},
  year = {2016},
  month = mar,
  journal = {Nature Plants},
  volume = {2},
  number = {3},
  pages = {16014},
  issn = {2055-0278},
  doi = {10/gfj4mm},
  langid = {english},
  file = {/Users/huongnguyen/Zotero/storage/7GMWI6BB/Gurr et al. - 2016 - Multi-country evidence that crop diversification p.pdf;/Users/huongnguyen/Zotero/storage/PJJ7QBL8/nplants201614.html}
}

@article{hagerCommonWaterhempAmaranthus2002a,
  title = {Common Waterhemp ({{{\emph{Amaranthus rudis}}}}) Interference in Soybean},
  author = {Hager, Aaron G. and Wax, Loyd M. and Stoller, Edward W. and Bollero, Germ{\'a}n A.},
  year = {2002},
  month = sep,
  journal = {Weed Science},
  volume = {50},
  number = {5},
  pages = {607--610},
  issn = {0043-1745, 1550-2759},
  doi = {10/fp5qsm}
}

@misc{harrisonDirichletmultinomialModellingOutperforms2019,
  title = {Dirichlet-Multinomial Modelling Outperforms Alternatives for Analysis of Microbiome and Other Ecological Count Data},
  author = {Harrison, Joshua G. and Calder, W. John and Shastry, Vivaswat and Buerkle, C. Alex},
  year = {2019},
  month = dec,
  pages = {711317},
  institution = {{Cold Spring Harbor Laboratory}},
  doi = {10.1101/711317},
  chapter = {New Results},
  copyright = {\textcopyright{} 2019, Posted by Cold Spring Harbor Laboratory. This pre-print is available under a Creative Commons License (Attribution-NonCommercial-NoDerivs 4.0 International), CC BY-NC-ND 4.0, as described at http://creativecommons.org/licenses/by-nc-nd/4.0/},
  langid = {english}
}

@article{hartmanResearchAdvancesManagement2015,
  title = {Research Advances and Management of Soybean Sudden Death Syndrome},
  author = {Hartman, Glen L. and Chang, Hao-Xun and Leandro, Leonor F. S.},
  year = {2015},
  month = jul,
  journal = {Crop Protection},
  series = {Ecology and Management of {{Fusarium}} Diseases},
  volume = {73},
  pages = {60--66},
  issn = {0261-2194},
  doi = {10/gmw5d7},
  langid = {english}
}

@article{huntCroppingSystemDiversity2019,
  title = {Cropping System Diversity Effects on Nutrient Discharge, Soil Erosion, and Agronomic Performance},
  author = {Hunt, Natalie D. and Hill, Jason D. and Liebman, Matt},
  year = {2019},
  month = feb,
  journal = {Environ. Sci. Technol.},
  volume = {53},
  number = {3},
  pages = {1344--1352},
  issn = {0013-936X},
  doi = {10/gfw9q2}
}

@article{huntFossilEnergyUse2020,
  title = {Fossil Energy Use, Climate Change Impacts, and Air Quality-Related Human Health Damages of Conventional and Diversified Cropping Systems in {{Iowa}}, {{USA}}},
  author = {Hunt, Natalie D. and Liebman, Matt and Thakrar, Sumil K. and Hill, Jason D.},
  year = {2020},
  month = sep,
  journal = {Environ. Sci. Technol.},
  volume = {54},
  number = {18},
  pages = {11002--11014},
  publisher = {{American Chemical Society}},
  issn = {0013-936X},
  doi = {10/gkc28b}
}

@article{huntReducingFreshwaterToxicity2017,
  title = {Reducing Freshwater Toxicity While Maintaining Weed Control, Profits, and Productivity: {{Effects}} of Increased Crop Rotation Diversity and Reduced Herbicide Usage},
  shorttitle = {Reducing Freshwater Toxicity While Maintaining Weed Control, Profits, and Productivity},
  author = {Hunt, Natalie D. and Hill, Jason D. and Liebman, Matt},
  year = {2017},
  month = feb,
  journal = {Environ. Sci. Technol.},
  volume = {51},
  number = {3},
  pages = {1707--1717},
  issn = {0013-936X},
  doi = {10/f9nrv2},
  file = {/Users/huongnguyen/Zotero/storage/5NZW3DE9/Hunt et al. - 2017 - Reducing Freshwater Toxicity while Maintaining Wee.pdf}
}

@article{karlComparisonCoverCalculation2017,
  title = {A Comparison of Cover Calculation Techniques for Relating Point-Intercept Vegetation Sampling to Remote Sensing Imagery},
  author = {Karl, Jason W. and McCord, Sarah E. and Hadley, Brian C.},
  year = {2017},
  month = feb,
  journal = {Ecological Indicators},
  volume = {73},
  pages = {156--165},
  issn = {1470-160X},
  doi = {10/f927gb},
  langid = {english},
  keywords = {Beta regression,Method comparison,Monitoring,Point-intercept sampling,Remote sensing,Vegetation cover}
}

@misc{kindtBiodiversityRPackageCommunity2021,
  title = {{{BiodiversityR}}: {{Package}} for {{Community Ecology}} and {{Suitability Analysis}}},
  shorttitle = {{{BiodiversityR}}},
  author = {Kindt, Roeland},
  year = {2021},
  month = apr,
  copyright = {GPL-3},
  keywords = {Environmetrics}
}

@article{knezevicCriticalPeriodWeed2002,
  title = {Critical Period for Weed Control: {{The}} Concept and Data Analysis},
  shorttitle = {Critical Period for Weed Control},
  author = {Knezevic, Stevan Z. and Evans, Sean P. and Blankenship, Erin E. and Van Acker, Rene C. and Lindquist, John L.},
  year = {2002},
  journal = {Weed Science},
  volume = {50},
  number = {6},
  pages = {773--786},
  publisher = {{[Cambridge University Press, Weed Science Society of America]}},
  issn = {0043-1745},
  doi = {10/b4bc8z}
}

@article{kolanderSymptomaticAsymptomaticHost2012,
  title = {Symptomatic and Asymptomatic Host Range of {{{\emph{Fusarium virguliforme}}}}, the Causal Agent of Soybean Sudden Death Syndrome},
  author = {Kolander, Tammy M. and Bienapfl, John C. and Kurle, James Edward and Malvick, Dean K.},
  year = {2012},
  month = aug,
  journal = {Plant Disease},
  volume = {96},
  number = {8},
  pages = {1148--1153},
  publisher = {{Scientific Societies}},
  issn = {0191-2917},
  doi = {10/gmw5ff}
}

@article{krugerGrowerViewsProblematic2009,
  title = {U.{{S}}. Grower Views on Problematic Weeds and Changes in Weed Pressure in Glyphosate-Resistant Corn, Cotton, and Soybean Cropping Systems},
  author = {Kruger, Greg R. and Johnson, William G. and Weller, Stephen C. and Owen, Micheal D. K. and Shaw, David R. and Wilcut, John W. and Jordan, David L. and Wilson, Robert G. and Bernards, Mark L. and Young, Bryan G.},
  year = {2009},
  month = mar,
  journal = {Weed Technology},
  volume = {23},
  number = {1},
  pages = {162--166},
  issn = {0890-037X, 1550-2740},
  doi = {10/fjs6sc},
  langid = {english},
  keywords = {(L.) Merr,(L.) Pers.,/span\&gt,\&gt,\&lt,Abutilon theophrasti\&lt,Amaranthus\&lt,Ambrosia\&lt,corn,cotton,Crop rotation,foxtail,Glycine max\&lt,Glyphosate,glyphosate-resistant crops,glyphosate-resistant weeds,Gossypium hirsutum\&lt,Ipomoea\&lt,italic\&\#39,johnsongrass,L,L.,Medik.,morningglory,pigweed,ragweed,Setaria\&lt,Sorghum halepense\&lt,soybean,span class=\&\#39,spp.,survey,velvetleaf,weed shifts,Zea mays\&lt},
  file = {/Users/huongnguyen/Zotero/storage/9JW4GQL5/Kruger et al. - 2009 - U.S. Grower Views on Problematic Weeds and Changes.pdf}
}

@article{leandroCroppingSystemDiversification2018,
  title = {Cropping System Diversification Reduces Severity and Incidence of Soybean Sudden Death Syndrome Caused by {{{\emph{Fusarium virguliforme}}}}},
  author = {Leandro, Leonor F. S. and Eggenberger, Sharon and Chen, Chiliang and Williams, Jeffrey and Beattie, Gwyn A. and Liebman, Matt},
  year = {2018},
  month = sep,
  journal = {Plant Disease},
  volume = {102},
  number = {9},
  pages = {1748--1758},
  publisher = {{Scientific Societies}},
  issn = {0191-2917},
  doi = {10/gd439q}
}

@article{legereDiversityAssemblyWeed2005,
  ids = {legereDiversityAssemblyWeed2005a},
  title = {Diversity and Assembly of Weed Communities: {{Contrasting}} Responses across Cropping Systems},
  shorttitle = {Diversity and Assembly of Weed Communities},
  author = {L{\'e}g{\`e}re, Anne and Stevenson, F. Craig and Benoit, Diane Lyse},
  year = {2005},
  month = aug,
  journal = {Weed Research},
  volume = {45},
  number = {4},
  pages = {303--315},
  issn = {1365-3180},
  doi = {10/dp4rnv}
}

@misc{lenthEmmeansEstimatedMarginal2021,
  title = {Emmeans: {{Estimated}} Marginal Means, Aka Least-Squares Means},
  shorttitle = {Emmeans},
  author = {Lenth, Russell V. and Buerkner, Paul and Herve, Maxime and Love, Jonathon and Riebl, Hannes and Singmann, Henrik},
  year = {2021},
  month = nov,
  copyright = {GPL-2 | GPL-3}
}

@article{letourneauDoesPlantDiversity2011,
  title = {Does Plant Diversity Benefit Agroecosystems? {{A}} Synthetic Review},
  shorttitle = {Does Plant Diversity Benefit Agroecosystems?},
  author = {Letourneau, Deborah K. and Armbrecht, Inge and Rivera, Beatriz Salguero and Lerma, James Montoya and Carmona, Elizabeth Jim{\'e}nez and Daza, Martha Constanza and Escobar, Selene and Galindo, V{\'i}ctor and Guti{\'e}rrez, Catalina and L{\'o}pez, Sebasti{\'a}n Duque and Mej{\'i}a, Jessica L{\'o}pez and Rangel, Aleyda Maritza Acosta and Rangel, Janine Herrera and Rivera, Leonardo and Saavedra, Carlos Arturo and Torres, Alba Marina and Trujillo, Aldemar Reyes},
  year = {2011},
  month = jan,
  journal = {Ecological Applications},
  volume = {21},
  number = {1},
  pages = {9--21},
  issn = {1051-0761},
  doi = {10/cqdhdv},
  langid = {english}
}

@incollection{liebmanCropDiversificationWeed2001,
  ids = {liebmanCropDiversificationWeed2001a},
  title = {Crop Diversification for Weed Management},
  booktitle = {Ecological {{Management}} of {{Agricultural Weeds}}},
  author = {Liebman, Matt and Staver, Charles P.},
  editor = {Mohler, Charles L. and Staver, Charles P. and Liebman, Matt},
  year = {2001},
  pages = {322--374},
  publisher = {{Cambridge University Press}},
  address = {{Cambridge}},
  doi = {10.1017/CBO9780511541810.008},
  isbn = {978-0-521-56068-9}
}

@book{liebmanEcologicalManagementAgricultural2001,
  title = {Ecological Management of Agricultural Weeds},
  author = {Liebman, Matt and Mohler, Charles L. and Staver, Charles P.},
  year = {2001},
  publisher = {{Cambridge University Press}},
  address = {{Cambridge}},
  doi = {10.1017/CBO9780511541810},
  isbn = {978-0-521-56068-9}
}

@article{liebmanIntegrationSoilCrop2000,
  title = {Integration of Soil, Crop and Weed Management in Low-External-Input Farming Systems},
  author = {Liebman, Matt and Davis, Adam S.},
  year = {2000},
  month = feb,
  journal = {Weed Research},
  volume = {40},
  number = {1},
  pages = {27--47},
  issn = {1365-3180},
  doi = {10/fk3p9c},
  langid = {english},
  keywords = {crop diversification,organic soil amendments,phytotoxicity,seed mass},
  file = {/Users/huongnguyen/Zotero/storage/UPAVXD5P/Liebman and Davis - 2000 - Integration of soil, crop and weed management in l.pdf}
}

@incollection{liebmanManyLittleHammers1997,
  title = {Many Little Hammers: {{Ecological}} Management of Crop-Weed Interactions},
  shorttitle = {9 - {{Many Little Hammers}}},
  booktitle = {Ecology in {{Agriculture}}},
  author = {Liebman, Matt and Gallandt, Eric R.},
  editor = {Jackson, Louise E.},
  year = {1997},
  series = {Physiological {{Ecology}}},
  pages = {291--343},
  publisher = {{Academic Press}},
  doi = {10.1016/B978-012378260-1/50010-5},
  isbn = {978-0-12-378260-1}
}

@incollection{liebmanWeedManagementNeed2001,
  title = {Weed Management: {{A}} Need for Ecological Approaches},
  booktitle = {Ecological {{Management}} of {{Agricultural Weeds}}},
  author = {Liebman, Matt},
  editor = {Mohler, Charles L. and Staver, Charles P. and Liebman, Matt},
  year = {2001},
  pages = {1--39},
  publisher = {{Cambridge University Press}},
  address = {{Cambridge}},
  doi = {10.1017/CBO9780511541810.002},
  isbn = {978-0-521-56068-9}
}

@article{liebmanWeedSeedbankDiversity2021,
  title = {Weed Seedbank Diversity and Sustainability Indicators for Simple and More Diverse Cropping Systems},
  author = {Liebman, Matt and Nguyen, Huong T. X. and Woods, Matthew M. and Hunt, Natalie D. and Hill, Jason D.},
  editor = {Storkey, Jonathan},
  year = {2021},
  month = jun,
  journal = {Weed Res},
  volume = {61},
  number = {3},
  pages = {164--177},
  issn = {0043-1737, 1365-3180},
  doi = {10/ghz5bj},
  langid = {english}
}

@incollection{liebmanWeedsSoilEnvironment2001,
  title = {Weeds and the Soil Environment},
  booktitle = {Ecological {{Management}} of {{Agricultural Weeds}}},
  author = {Liebman, Matt and Mohler, Charles L.},
  editor = {Mohler, Charles L. and Staver, Charles P. and Liebman, Matt},
  year = {2001},
  pages = {210--268},
  publisher = {{Cambridge University Press}},
  address = {{Cambridge}},
  doi = {10.1017/CBO9780511541810.006},
  isbn = {978-0-521-56068-9}
}

@article{lindquistVelvetleafAbutilonTheophrasti1995,
  title = {Velvetleaf ({{{\emph{Abutilon theophrasti}}}}) Recruitment, Survival, Seed Production, and Interference in Soybean ({{Glycine}} Max)},
  author = {Lindquist, John L. and Maxwell, Bruce D. and Buhler, Douglas D. and Gunsolus, Jeffrey L.},
  year = {1995},
  journal = {Weed Science},
  volume = {43},
  number = {2},
  pages = {226--232},
  issn = {0043-1745},
  file = {/Users/huongnguyen/Zotero/storage/PSLLYK4Y/Lindquist et al. - 1995 - Velvetleaf (Abutilon theophrasti) Recruitment, Sur.pdf}
}

@article{linResilienceAgricultureCrop2011,
  ids = {linResilienceAgricultureCrop2011a},
  title = {Resilience in Agriculture through Crop Diversification: Adaptive Management for Environmental Change},
  shorttitle = {Resilience in Agriculture through Crop Diversification},
  author = {Lin, Brenda B.},
  year = {2011},
  month = mar,
  journal = {BioScience},
  volume = {61},
  number = {3},
  pages = {183--193},
  publisher = {{Oxford Academic}},
  issn = {0006-3568},
  doi = {10/d26nx5},
  langid = {english}
}

@article{maureaudBiodiversityEcosystemFunctioning2019,
  title = {Biodiversity\textendash Ecosystem Functioning Relationships in Fish Communities: {{Biomass}} Is Related to Evenness and the Environment, Not to Species Richness},
  shorttitle = {Biodiversity\textendash Ecosystem Functioning Relationships in Fish Communities},
  author = {Maureaud, Aurore and Hodapp, Dorothee and {van Denderen}, P. Dani{\"e}l and Hillebrand, Helmut and Gislason, Henrik and Spaanheden Dencker, Tim and Beukhof, Esther and Lindegren, Martin},
  year = {2019},
  month = jul,
  journal = {Proc. R. Soc. B.},
  volume = {286},
  number = {1906},
  pages = {20191189},
  issn = {0962-8452, 1471-2954},
  doi = {10/ghmzx4}
}

@article{menalledWeedAbovegroundSeedbank2001,
  ids = {menalledWeedAbovegroundSeedbank},
  title = {Weed Aboveground and Seedbank Community Responses to Agricultural Management Systems},
  author = {Menalled, Fabi{\'a}n D. and Gross, Katherine L. and Hammond, Mark},
  year = {2001},
  journal = {Ecological Applications},
  volume = {11},
  number = {6},
  pages = {1586--1601},
  issn = {1939-5582},
  doi = {10/dpj63j},
  copyright = {\textcopyright{} 2001 by the Ecological Society of America},
  langid = {english},
  keywords = {agroecosystems,annual row crops,diversity,Long Term Ecological Research (LTER),management systems,temporal patterns,weed community dynamics}
}

@article{moechnigEmpiricalCornYield2003,
  title = {Empirical Corn Yield Loss Estimation from Common Lambsquarters ({{{\emph{Chenopodium album}}}}) and Giant Foxtail ({{{\emph{Setaria faberi}}}}) in Mixed Communities},
  author = {Moechnig, Michael J. and Stoltenberg, David E. and Boerboom, Chris M. and Binning, Larry K.},
  year = {2003},
  month = jun,
  journal = {Weed Science},
  volume = {51},
  number = {3},
  pages = {386--393},
  publisher = {{Cambridge University Press}},
  issn = {0043-1745, 1550-2759},
  doi = {10/db7c35}
}

@incollection{mohlerCharacteristicsCommonAgricultural2009,
  title = {Characteristics of Common Agricultural Weeds Relevant to Crop Rotation},
  booktitle = {Crop Rotation on Organic Farms: A Planning Manual},
  editor = {Mohler, Charles L.},
  year = {2009},
  series = {{{NRAES}}},
  number = {177},
  pages = {138--142},
  publisher = {{Natural Resource, Agriculture, and Engineering Service (NRAES) Cooperative Extension}},
  address = {{Ithaca, NY}},
  isbn = {978-1-933395-21-0},
  lccn = {S603 .C756 2009},
  annotation = {OCLC: ocn320131151}
}

@incollection{mohlerCropDiseasePathogens2009,
  title = {Crop Disease Pathogens Hosted by Common Agricultural Weeds},
  booktitle = {Crop Rotation on Organic Farms: A Planning Manual},
  author = {Mohler, Charles L. and Johnson, Sue Ellen},
  year = {2009},
  series = {{{NRAES}}},
  number = {177},
  pages = {143--147},
  publisher = {{Natural Resource, Agriculture, and Engineering Service (NRAES) Cooperative Extension}},
  address = {{Ithaca, NY}},
  isbn = {978-1-933395-21-0},
  lccn = {S603 .C756 2009},
  annotation = {OCLC: ocn320131151}
}

@incollection{mohlerMechanicalManagementWeeds2001,
  title = {Mechanical Management of Weeds},
  booktitle = {Ecological {{Management}} of {{Agricultural Weeds}}},
  author = {Mohler, Charles L.},
  editor = {Mohler, Charles L. and Staver, Charles P. and Liebman, Matt},
  year = {2001},
  pages = {139--209},
  publisher = {{Cambridge University Press}},
  address = {{Cambridge}},
  doi = {10.1017/CBO9780511541810.005},
  isbn = {978-0-521-56068-9}
}

@incollection{mohlerWeedEvolutionCommunity2001,
  title = {Weed Evolution and Community Structure},
  booktitle = {Ecological {{Management}} of {{Agricultural Weeds}}},
  author = {Mohler, Charles L.},
  editor = {Mohler, Charles L. and Staver, Charles P. and Liebman, Matt},
  year = {2001},
  pages = {444--493},
  publisher = {{Cambridge University Press}},
  address = {{Cambridge}},
  doi = {10.1017/CBO9780511541810.011},
  isbn = {978-0-521-56068-9}
}

@incollection{mohlerWeedLifeHistory2001,
  title = {Weed Life History: {{Identifying}} Vulnerabilities},
  booktitle = {Ecological {{Management}} of {{Agricultural Weeds}}},
  author = {Mohler, Charles L.},
  editor = {Mohler, Charles L. and Staver, Charles P. and Liebman, Matt},
  year = {2001},
  pages = {40--98},
  publisher = {{Cambridge University Press}},
  address = {{Cambridge}},
  doi = {10.1017/CBO9780511541810.003},
  isbn = {978-0-521-56068-9}
}

@article{moreauWhichCroppingSystems2020,
  title = {In Which Cropping Systems Can Residual Weeds Reduce Nitrate Leaching and Soil Erosion?},
  author = {Moreau, Delphine and Pointurier, Olivia and Nicolardot, Bernard and Villerd, Jean and Colbach, Nathalie},
  year = {2020},
  month = sep,
  journal = {European Journal of Agronomy},
  volume = {119},
  pages = {126015},
  issn = {1161-0301},
  doi = {10/gmwscz},
  langid = {english}
}

@article{morrisChoosingUsingDiversity2014,
  title = {Choosing and Using Diversity Indices: {{Insights}} for Ecological Applications from the {{German Biodiversity Exploratories}}},
  shorttitle = {Choosing and Using Diversity Indices},
  author = {Morris, E. Kathryn and Caruso, Tancredi and Buscot, Fran{\c c}ois and Fischer, Markus and Hancock, Christine and Maier, Tanja S. and Meiners, Torsten and M{\"u}ller, Caroline and Obermaier, Elisabeth and Prati, Daniel and Socher, Stephanie A. and Sonnemann, Ilja and W{\"a}schke, Nicole and Wubet, Tesfaye and Wurst, Susanne and Rillig, Matthias C.},
  year = {2014},
  month = sep,
  journal = {Ecol Evol},
  volume = {4},
  number = {18},
  pages = {3514--3524},
  issn = {2045-7758, 2045-7758},
  doi = {10/f6kkwf},
  langid = {english}
}

@article{mortensenNavigatingCriticalJuncture2012,
  title = {Navigating a Critical Juncture for Sustainable Weed Management},
  author = {Mortensen, David A. and Egan, J. Franklin and Maxwell, Bruce D. and Ryan, Matthew R. and Smith, Richard G.},
  year = {2012},
  month = jan,
  journal = {BioScience},
  volume = {62},
  number = {1},
  pages = {75--84},
  publisher = {{Oxford Academic}},
  issn = {0006-3568},
  doi = {10/fx4hx2},
  file = {/Users/huongnguyen/Zotero/storage/GWEXVE4S/Mortensen et al. - 2012 - Navigating a Critical Juncture for Sustainable Wee.pdf}
}

@article{murphyPromotionWeedSpecies2006,
  title = {Promotion of Weed Species Diversity and Reduction of Weed Seedbanks with Conservation Tillage and Crop Rotation},
  author = {Murphy, Stephen D. and Clements, David R. and Belaoussoff, Svenja and Kevan, Peter G. and Swanton, Clarence J.},
  year = {2006},
  month = feb,
  journal = {Weed Science},
  volume = {54},
  number = {1},
  pages = {69--77},
  publisher = {{Cambridge University Press}},
  issn = {0043-1745, 1550-2759},
  doi = {10/fnhj3z},
  langid = {english}
}

@book{nandulaGlyphosateResistanceCrops2010,
  title = {Glyphosate Resistance in Crops and Weeds: {{History}}, Development, and Management},
  shorttitle = {Glyphosate Resistance in Crops and Weeds},
  author = {Nandula, Vijay K.},
  year = {2010},
  publisher = {{Wiley}},
  address = {{Somerset, UNITED STATES}},
  isbn = {978-1-118-04354-7}
}

@article{nguyenImpactCroppingSysteminreview,
  title = {Impact of Cropping System Diversification on Vegetative and Reproductive Characteristics of Waterhemp {{{\emph{Amaranthus tuberculatus}}}})},
  author = {Nguyen, Huong T. X. and Liebman, Matt},
  year = {in review},
  journal = {Frontiers in Agronomy}
}

@article{nicholsWeedDynamicsConservation2015,
  ids = {nicholsWeedDynamicsConservation2015a},
  title = {Weed Dynamics and Conservation Agriculture Principles: {{A}} Review},
  shorttitle = {Weed Dynamics and Conservation Agriculture Principles},
  author = {Nichols, Virginia and Verhulst, Nele and Cox, Rachael and Govaerts, Bram},
  year = {2015},
  month = nov,
  journal = {Field Crops Research},
  volume = {183},
  pages = {56--68},
  issn = {0378-4290},
  doi = {10/gdg5kq},
  keywords = {Conservation agriculture,No-till,Residue,Rotation,Weeds},
  file = {/Users/huongnguyen/Zotero/storage/CNZZY58Z/Nichols et al. - 2015 - Weed dynamics and conservation agriculture princip.pdf}
}

@article{nkoaWeedAbundanceDistribution2015,
  title = {Weed Abundance, Distribution, Diversity, and Community Analyses},
  author = {Nkoa, Roger and Owen, Micheal D. K. and Swanton, Clarence J.},
  year = {2015},
  month = feb,
  journal = {Weed Science},
  volume = {63},
  number = {SP1},
  pages = {64--90},
  issn = {0043-1745, 1550-2759},
  doi = {10/gddj7f},
  file = {/Users/huongnguyen/Zotero/storage/EU2YUGYK/Nkoa et al. - 2015 - Weed Abundance, Distribution, Diversity, and Commu.pdf}
}

@article{oerkeCropLossesPests2006,
  title = {Crop Losses to Pests},
  author = {Oerke, E.-C.},
  year = {2006},
  month = feb,
  journal = {The Journal of Agricultural Science},
  volume = {144},
  number = {1},
  pages = {31--43},
  issn = {1469-5146, 0021-8596},
  doi = {10/d94n5k},
  langid = {english}
}

@misc{oksanenVeganCommunityEcology2020,
  title = {Vegan: {{Community}} Ecology Package},
  shorttitle = {Vegan},
  author = {Oksanen, Jari and Blanchet, F. Guillaume and Friendly, Michael and Kindt, Roeland and Legendre, Pierre and McGlinn, Dan and Minchin, Peter R. and O'Hara, R. B. and Simpson, Gavin L. and Solymos, Peter and Stevens, M. Henry H. and Szoecs, Eduard and Wagner, Helene},
  year = {2020},
  month = nov,
  copyright = {GPL-2}
}

@article{ominskiWeedSuppressionMedicago1999,
  title = {Weed Suppression by {{{\emph{Medicago sativa}}}} in Subsequent Cereal Crops: {{A}} Comparative Survey},
  shorttitle = {Weed Suppression by Medicago Sativa in Subsequent Cereal Crops},
  author = {Ominski, P. D. and Entz, M. H. and Kenkel, N.},
  year = {1999},
  journal = {Weed Science},
  volume = {47},
  number = {3},
  pages = {282--290},
  issn = {0043-1745},
  doi = {10/ghkhdg}
}

@article{owenWeedSpeciesShifts2008,
  ids = {owenWeedSpeciesShifts2008a},
  title = {Weed Species Shifts in Glyphosate-Resistant Crops},
  author = {Owen, Micheal D. K.},
  year = {2008},
  month = apr,
  journal = {Pest Management Science},
  volume = {64},
  number = {4},
  pages = {377--387},
  issn = {1526-4998},
  doi = {10/ck4hjf},
  copyright = {Copyright \textcopyright{} 2008 Society of Chemical Industry},
  langid = {english},
  keywords = {genetically modified crops,glyphosate,glyphosate-resistant crops,herbicide resistance,herbicide tolerance,interspecific hybridization,selection pressure,transgenic crops,weed population shifts},
  file = {/Users/huongnguyen/Zotero/storage/HTHVY2AM/Owen - 2008 - Weed species shifts in glyphosate-resistant crops.pdf}
}

@article{pakemanIncreasedCropDiversity2020,
  title = {Increased Crop Diversity Reduces the Functional Space Available for Weeds},
  author = {Pakeman, R J and Brooker, R W and Karley, A J and Newton, A C and Mitchell, C and Hewison, R L and Pollenus, J and Guy, D C and Sch{\"o}b, C},
  year = {2020},
  journal = {Weed Research},
  volume = {60},
  number = {2},
  pages = {121--131},
  issn = {1365-3180},
  doi = {10/gm375k},
  langid = {english},
  annotation = {\_eprint: https://onlinelibrary.wiley.com/doi/pdf/10.1111/wre.12393}
}

@article{payneDesignAnalysisLong2015,
  title = {The Design and Analysis of Long-term Rotation Experiments},
  author = {Payne, Roger William},
  year = {2015},
  month = mar,
  journal = {Agronomy Journal},
  volume = {107},
  number = {2},
  pages = {772--785},
  issn = {00021962},
  doi = {10/f673ct}
}

@article{petitWeedsAgriculturalLandscapes2011,
  title = {Weeds in Agricultural Landscapes. {{A}} Review},
  author = {Petit, Sandrine and Boursault, Aline and Le Guilloux, M{\'e}lanie and {Munier-Jolain}, Nicolas and Reboud, Xavier},
  year = {2011},
  month = apr,
  journal = {Agronomy Sust. Developm.},
  volume = {31},
  number = {2},
  pages = {309--317},
  issn = {1773-0155},
  doi = {10/fbf6cp},
  langid = {english}
}

@book{pielouInterpretationEcologicalData1984,
  title = {The Interpretation of Ecological Data: {{A}} Primer on Classification and Ordination},
  shorttitle = {The Interpretation of Ecological Data},
  author = {Pielou, Evelyn Chrystalla},
  year = {1984},
  month = sep,
  publisher = {{John Wiley \& Sons}},
  googlebooks = {aUaJoxiyjJoC},
  isbn = {978-0-471-88950-2},
  langid = {english},
  file = {/Users/huongnguyen/Zotero/storage/LNSQMRVU/904189656.html}
}

@article{princeBenchmarkStudyIntroduction2012,
  title = {Benchmark Study: {{I}}. {{Introduction}}, Weed Population, and Management Trends from the Benchmark Survey 2010},
  shorttitle = {Benchmark Study},
  author = {Prince, Joby M. and Shaw, David R. and Givens, Wade A. and Owen, Micheal D. K. and Weller, Stephen C. and Young, Bryan G. and Wilson, Robert G. and Jordan, David L.},
  year = {2012},
  month = sep,
  journal = {Weed Technology},
  volume = {26},
  number = {3},
  pages = {525--530},
  issn = {0890-037X, 1550-2740},
  doi = {10/gdf4rc},
  langid = {english}
}

@article{princeBenchmarkStudyIV2012,
  title = {Benchmark Study: {{IV}}. {{Survey}} of Grower Practices for Managing Glyphosate-Resistant Weed Populations},
  shorttitle = {Benchmark {{Study}}},
  author = {Prince, Joby M. and Shaw, David R. and Givens, Wade A. and Owen, Micheal D. K. and Weller, Stephen C. and Young, Bryan G. and Wilson, Robert G. and Jordan, David L.},
  year = {2012},
  month = sep,
  journal = {Weed Technology},
  volume = {26},
  number = {3},
  pages = {543--548},
  issn = {0890-037X, 1550-2740},
  doi = {10/f37vn9}
}

@article{prokopyUrgencyTransformingMidwestern2020,
  title = {The Urgency of Transforming the {{Midwestern U}}.{{S}}. Landscape into More than Corn and Soybean},
  author = {Prokopy, Linda S. and Gramig, Benjamin M. and Bower, Alisha and Church, Sarah P. and Ellison, Brenna and Gassman, Philip W. and Genskow, Ken and Gucker, Douglas and Hallett, Steve G. and Hill, Jason and Hunt, Natalie and Johnson, Kris A. and Kaplan, Ian and Kelleher, J. Paul and Kok, Hans and Komp, Michael and Lammers, Peter and LaRose, Sarah and Liebman, Matthew and Margenot, Andrew and Mulla, David and O'Donnell, Michael J. and Peimer, Alex W. and Reaves, Elizabeth and Salazar, Kara and Schelly, Chelsea and Schilling, Keith and Secchi, Silvia and Spaulding, Aslihan D. and Swenson, David and Thompson, Aaron W. and {Ulrich-Schad}, Jessica D.},
  year = {2020},
  month = sep,
  journal = {Agric Hum Values},
  volume = {37},
  number = {3},
  pages = {537--539},
  issn = {1572-8366},
  doi = {10/gk6vmv},
  langid = {english}
}

@misc{rdevelopmentcoreteamLanguageEnvironmentStatistical2021,
  title = {R: {{A}} Language and Environment for Statistical Computing},
  author = {{R Development Core Team}},
  year = {2021},
  month = nov,
  address = {{Vienna, Austria}},
  howpublished = {R Foundation for Statistical Computing},
  isbn = {3-900051-07-0}
}

@incollection{reddyGlyphosateresistantCropProduction2010,
  title = {Glyphosate-Resistant Crop Production Systems: {{Impact}} on Weed Species Shifts},
  shorttitle = {Glyphosate-Resistant Crop Production Systems},
  booktitle = {Glyphosate {{Resistance}} in {{Crops}} and {{Weeds}}},
  author = {Reddy, Krishna N. and Norsworthy, Jason K.},
  year = {2010},
  pages = {165--184},
  publisher = {{Wiley-Blackwell}},
  doi = {10.1002/9780470634394.ch9},
  isbn = {978-0-470-63439-4},
  langid = {english},
  keywords = {commercialized in the United States,glyphosate-resistant crop production systems - and impact on weed species shifts,transgenic GR canola and GR soybean - bacterial genes imparting resistance to glyphosate,weed species shifts in GRCs - prudent use of glyphosate in combination with other weed management tactics}
}

@article{rollinWeedinsectPollinatorNetworks2016,
  title = {Weed-Insect Pollinator Networks as Bio-Indicators of Ecological Sustainability in Agriculture. {{A}} Review},
  author = {Rollin, Orianne and Benelli, Giovanni and Benvenuti, Stefano and Decourtye, Axel and Wratten, Steve D. and Canale, Angelo and Desneux, Nicolas},
  year = {2016},
  month = mar,
  journal = {Agron. Sustain. Dev.},
  volume = {36},
  number = {1},
  pages = {8},
  issn = {1774-0746, 1773-0155},
  doi = {10/f8kmdg}
}

@article{routledgeBiasEstimatingDiversity1980,
  title = {Bias in Estimating the Diversity of Large, Uncensused Communities},
  author = {Routledge, R. D.},
  year = {1980},
  journal = {Ecology},
  volume = {61},
  number = {2},
  pages = {276--281},
  issn = {1939-9170},
  doi = {10/d2z83j},
  langid = {english},
  annotation = {\_eprint: https://onlinelibrary.wiley.com/doi/pdf/10.2307/1935186}
}

@article{ryanManagementFiltersSpecies2010,
  title = {Management Filters and Species Traits: {{Weed}} Community Assembly in Long-Term Organic and Conventional Systems},
  shorttitle = {Management Filters and Species Traits},
  author = {Ryan, Matthew R. and Smith, Richard G. and Mirsky, Steven B. and Mortensen, David A. and Seidel, Rita},
  year = {2010},
  journal = {Weed Science},
  volume = {58},
  number = {3},
  pages = {265--277},
  publisher = {{[Cambridge University Press, Weed Science Society of America]}},
  issn = {0043-1745},
  doi = {10/cxhk78},
  keywords = {community assembly,filters,legacy,organic,Seed bank,traits},
  file = {/Users/huongnguyen/Zotero/storage/755NMVMV/Ryan et al. - 2010 - Management Filters and Species Traits Weed Commun.pdf}
}

@article{schreiberInfluenceTillageCrop1992,
  title = {Influence of Tillage, Crop Rotation, and Weed Management on Giant Foxtail ({{{\emph{Setaria faberi}}}}) Population Dynamics and Corn Yield},
  author = {Schreiber, Marvin M.},
  year = {1992},
  journal = {Weed Science},
  volume = {40},
  number = {4},
  pages = {645--653},
  publisher = {{[Cambridge University Press, Weed Science Society of America]}},
  issn = {0043-1745},
  doi = {10/gm8m46}
}

@article{shanerLessonsLearnedHistory2014,
  title = {Lessons Learned from the History of Herbicide Resistance},
  author = {Shaner, Dale L.},
  year = {2014},
  month = jun,
  journal = {Weed Science},
  volume = {62},
  number = {2},
  pages = {427--431},
  issn = {0043-1745, 1550-2759},
  doi = {10/f5z7nf},
  langid = {english}
}

@article{singhCropYieldEconomics2021,
  title = {Crop Yield and Economics of Cropping Systems Involving Different Rotations, Tillage, and Cover Crops},
  author = {Singh, J. and Wang, T. and Kumar, S. and Xu, Z. and Sexton, P. and Davis, J. and Bly, A.},
  year = {2021},
  journal = {Journal of Soil and Water Conservation},
  volume = {76},
  number = {4},
  pages = {340--348},
  issn = {0022-4561, 1941-3300},
  doi = {10/gj6mvd},
  langid = {english}
}

@article{smithAssemblyWeedCommunities2007,
  title = {Assembly of Weed Communities along a Crop Diversity Gradient},
  author = {Smith, Richard G. and Gross, Katherine L.},
  year = {2007},
  journal = {Journal of Applied Ecology},
  volume = {44},
  number = {5},
  pages = {1046--1056},
  issn = {1365-2664},
  doi = {10/d8dvks},
  langid = {english},
  annotation = {\_eprint: https://onlinelibrary.wiley.com/doi/pdf/10.1111/j.1365-2664.2007.01335.x}
}

@article{smithEffectsCropDiversity2008,
  title = {Effects of Crop Diversity on Agroecosystem Function: {{Crop}} Yield Response},
  shorttitle = {Effects of Crop Diversity on Agroecosystem Function},
  author = {Smith, Richard G. and Gross, Katherine L. and Robertson, G. Philip},
  year = {2008},
  month = apr,
  journal = {Ecosystems},
  volume = {11},
  number = {3},
  pages = {355--366},
  issn = {1432-9840, 1435-0629},
  doi = {10/btp4k3},
  langid = {english}
}

@article{smithWeedCommunityCorn2006,
  title = {Weed Community and Corn Yield Variability in Diverse Management Systems},
  author = {Smith, Richard G. and Gross, Katherine L.},
  year = {2006},
  journal = {Weed Science},
  volume = {54},
  number = {1},
  pages = {106--113},
  publisher = {{[Cambridge University Press, Weed Science Society of America]}},
  issn = {0043-1745},
  doi = {10/dzt4h7}
}

@article{steckelCommonWaterhempAmaranthus2004,
  title = {Common Waterhemp ({{{\emph{Amaranthus rudis}}}}) Interference in Corn},
  author = {Steckel, Lawrence E. and Sprague, Christy L.},
  year = {2004},
  month = may,
  journal = {wees},
  volume = {52},
  number = {3},
  pages = {359--364},
  issn = {0043-1745, 1550-2759},
  doi = {10/frc847}
}

@article{stefanCropWeedRelationships2021,
  title = {Crop\textendash Weed Relationships Are Context-Dependent and Cannot Fully Explain the Positive Effects of Intercropping on Yield},
  author = {Stefan, Laura and Engbersen, Nadine and Sch{\"o}b, Christian},
  year = {2021},
  journal = {Ecological Applications},
  volume = {31},
  number = {4},
  pages = {e02311},
  issn = {1939-5582},
  doi = {10/gmzgxj},
  langid = {english},
  annotation = {\_eprint: https://onlinelibrary.wiley.com/doi/pdf/10.1002/eap.2311}
}

@article{stefanPositiveEffectsCrop2021,
  title = {Positive Effects of Crop Diversity on Productivity Driven by Changes in Soil Microbial Composition},
  author = {Stefan, Laura and Hartmann, Martin and Engbersen, Nadine and Six, Johan and Sch{\"o}b, Christian},
  year = {2021},
  journal = {Frontiers in Microbiology},
  volume = {12},
  pages = {808},
  issn = {1664-302X},
  doi = {10/gk8dpc}
}

@incollection{stevensCommunityCompositionDiversity2009,
  title = {Community Composition and Diversity},
  booktitle = {A {{Primer}} of {{Ecology}} with {{R}}},
  author = {Stevens, M. Henry H.},
  editor = {Stevens, M. Henry H.},
  year = {2009},
  pages = {285--333},
  publisher = {{Springer New York}},
  address = {{New York, NY}},
  doi = {10.1007/978-0-387-89882-7_10},
  isbn = {978-0-387-89881-0 978-0-387-89882-7}
}

@article{stewartWeedControlEnvironmental2011,
  title = {Weed Control, Environmental Impact, and Economics of Weed Management Strategies in Glyphosate-Resistant Soybean},
  author = {Stewart, Christie L. and Nurse, Robert E. and Eerd, Laura L. Van and Vyn, Richard J. and Sikkema, Peter H.},
  year = {2011},
  month = dec,
  journal = {Weed Technology},
  volume = {25},
  number = {4},
  pages = {535--541},
  issn = {0890-037X, 1550-2740},
  doi = {10/dkxnsg},
  keywords = {-metolachlor,(L.) Beauv. SETVI,/span\&gt,\&gt,\&lt,Abutilon theophrasti\&lt,Amaranthus retroflexus\&lt,Ambrosia artemisiifolia\&lt,Chenopodium album\&lt,common lambsquarters,common ragweed,Environmental impact quotient (EIQ),Flumetsulam,Glycine max\&lt,glyphosate,glyphosate stewardship,green foxtail,gross margin,imazethapyr,italic\&\#39,L.,L. AMARE,L. AMBEL,L. CHEAL,Medic. ABUTH,redroot pigweed,s\&lt,Setaria viridis\&lt,soybean,span class=\&\#39,velvetleaf},
  file = {/Users/huongnguyen/Zotero/storage/B2FVXTI2/Stewart et al. - 2011 - Weed Control, Environmental Impact, and Economics .pdf}
}

@article{stirlingEmpiricalRelationshipsSpecies2001,
  ids = {stirlingEmpiricalRelationshipsSpecies2001a},
  title = {Empirical Relationships between Species Richness, Evenness, and Proportional Diversity.},
  author = {Stirling, Gray and Wilsey, Brian},
  year = {2001},
  month = sep,
  journal = {The American Naturalist},
  volume = {158},
  number = {3},
  pages = {286--299},
  issn = {0003-0147},
  doi = {10/dxpbpj}
}

@article{storkeyWhatGoodWeed2018,
  title = {What Good Is Weed Diversity?},
  author = {Storkey, Jonathan and Neve, Paul},
  year = {2018},
  month = aug,
  journal = {Weed Res},
  volume = {58},
  number = {4},
  pages = {239--243},
  issn = {0043-1737},
  doi = {10/gdwv5r},
  pmcid = {PMC6109960},
  pmid = {30174354}
}

@article{swintonEstimationCropYield1994,
  title = {Estimation of Crop Yield Loss Due to Interference by Multiple Weed Species},
  author = {Swinton, Scott M. and Buhler, Douglas D. and Forcella, Frank and Gunsolus, Jeffrey L. and King, Robert P.},
  year = {1994},
  journal = {Weed Science},
  volume = {42},
  number = {1},
  pages = {103--109},
  issn = {0043-1745}
}

@article{tamburiniAgriculturalDiversificationPromotes2020,
  title = {Agricultural Diversification Promotes Multiple Ecosystem Services without Compromising Yield},
  author = {Tamburini, Giovanni and Bommarco, Riccardo and Wanger, Thomas Cherico and Kremen, Claire and {van der Heijden}, Marcel G. A. and Liebman, Matt and Hallin, Sara},
  year = {2020},
  month = nov,
  journal = {Sci. Adv.},
  volume = {6},
  number = {45},
  issn = {2375-2548},
  doi = {10/gjcwv8},
  langid = {english}
}

@misc{usdaersRecentTrendsGE2020,
  title = {Recent Trends in {{GE}} Adoption},
  author = {{USDA ERS}},
  year = {2020},
  month = jul,
  howpublished = {https://www.ers.usda.gov/data-products/adoption-of-genetically-engineered-crops-in-the-us/recent-trends-in-ge-adoption.aspx}
}

@book{uvaWeedsNortheast1997,
  title = {Weeds of the {{Northeast}}},
  author = {Uva, Richard H. and Neal, Joseph C. and Ditomaso, Joseph M.},
  year = {1997},
  month = may,
  publisher = {{Cornell University Press}},
  address = {{Ithaca, NY}},
  isbn = {978-0-8014-8334-9}
}

@article{vanderlaatPostdispersalWeedSeed2015,
  title = {Postdispersal Weed Seed Predation and Invertebrate Activity Density in Three Tillage Regimes},
  author = {{van der Laat}, Rocio and Owen, Micheal D. K. and Liebman, Matt and Leon, Ramon G.},
  year = {2015},
  month = dec,
  journal = {Weed Science},
  volume = {63},
  number = {4},
  pages = {828--838},
  issn = {0043-1745, 1550-2759},
  doi = {10/gddc93},
  keywords = {(L.) Merr.,(Moq.) Sauer.,/span\&gt,\&gt,\&lt,Abutilon theophrasti\&lt,Amaranthus tuberculatus\&lt,Biological control,Chenopodium album\&lt,Common lambsquarters,common waterhemp,corn,field crickets,giant foxtail,Glycine max\&lt,ground beetles,Herrm.,integrated weed management,italic\&\#39,L.,Medik.,seedbank,Setaria faberi\&lt,soybean,span class=\&\#39,velvetleaf,Zea mays\&lt},
  file = {/Users/huongnguyen/Zotero/storage/7ZB5AUZQ/Laat et al. - 2015 - Postdispersal Weed Seed Predation and Invertebrate.pdf}
}

@article{vanheemstInfluenceWeedCompetition1985,
  title = {The Influence of Weed Competition on Crop Yield},
  author = {{van Heemst}, H. D. J.},
  year = {1985},
  month = jan,
  journal = {Agricultural Systems},
  volume = {18},
  number = {2},
  pages = {81--93},
  issn = {0308-521X},
  doi = {10/bp6whv},
  langid = {english}
}

@article{vargaCompetitiveEffectThree2002,
  title = {{The competitive effect of three dangerous weeds on the yields of maize in different years.}},
  author = {Varga, P. and B{\'e}res, I. and Reisinger, P.},
  year = {2002},
  journal = {N\"ov\'enyv\'edelem},
  volume = {38},
  number = {5},
  pages = {219--226},
  publisher = {{Agroinform Kiad\'oh\'az}},
  issn = {0133-0829},
  langid = {hungarian},
  keywords = {⛔ No DOI found}
}

@incollection{vibransEthnobotanyMexicanWeeds2016,
  title = {Ethnobotany of Mexican Weeds},
  booktitle = {Ethnobotany of {{Mexico}}: {{Interactions}} of {{People}} and {{Plants}} in {{Mesoamerica}}},
  author = {Vibrans, Heike},
  editor = {Lira, Rafael and Casas, Alejandro and Blancas, Jos{\'e}},
  year = {2016},
  series = {Ethnobiology},
  pages = {287--317},
  publisher = {{Springer}},
  address = {{New York, NY}},
  doi = {10.1007/978-1-4614-6669-7_12},
  isbn = {978-1-4614-6669-7},
  langid = {english},
  keywords = {Field Margin,Home Garden,Main Crop,Maize Field,Weed Flora}
}

@article{weisbergerDoesDiversifyingCrop2019,
  title = {Does Diversifying Crop Rotations Suppress Weeds? {{A}} Meta-Analysis},
  shorttitle = {Does Diversifying Crop Rotations Suppress Weeds?},
  author = {Weisberger, David and Nichols, Virginia and Liebman, Matt},
  editor = {Sainju, Upendra M.},
  year = {2019},
  month = jul,
  journal = {PLoS ONE},
  volume = {14},
  number = {7},
  pages = {e0219847},
  issn = {1932-6203},
  doi = {10/gh28qh}
}

@incollection{wellerManagingGlyphosateresistantWeeds2010,
  title = {Managing Glyphosate-Resistant Weeds and Population Shifts in {{Midwestern U}}.{{S}}. Cropping Systems},
  booktitle = {Glyphosate {{Resistance}} in {{Crops}} and {{Weeds}}},
  author = {Weller, Stephen C. and Owen, Micheal D. K. and Johnson, William G.},
  year = {2010},
  pages = {213--232},
  publisher = {{Wiley-Blackwell}},
  doi = {10.1002/9780470634394.ch12},
  isbn = {978-0-470-63439-4},
  langid = {english},
  keywords = {genetically engineered (GE) GR crops,GR weeds,increasing selection pressure for additional GR weed biotype evolution,major economic problems - recurrent use of glyphosate,managing glyphosate-resistant weeds and population shifts - in midwestern U.S. cropping systems,new agronomic crop traits - influencing weed populations/shifts}
}

@article{westermanAreManyLittle2005,
  title = {Are Many Little Hammers Effective? {{Velvetleaf}} ({{{\emph{ Abutilon theophrasti}}}}) Population Dynamics in Two- and Four-Year Crop Rotation Systems},
  shorttitle = {Are Many Little Hammers Effective?},
  author = {Westerman, Paula R. and Liebman, Matt and Menalled, Fabi{\'a}n D. and Heggenstaller, Andrew H. and Hartzler, Robert G. and Dixon, Philip M.},
  year = {2005},
  month = jun,
  journal = {Weed Science},
  volume = {53},
  number = {3},
  pages = {382--392},
  issn = {0043-1745, 1550-2759},
  doi = {10/bgc2x2},
  keywords = {Abutilon theophrasti Medicus ABUTH,alfalfa,corn,Crop rotation,Glycine max (L.) Merr.,matrix population models,Medicago sativa L.,seed predation,soybean,triticale,Triticosecale spp.,Velvetleaf,weed population dynamics,Zea mays L.}
}

@misc{wickhamGgplot2CreateElegant2021,
  title = {Ggplot2: {{Create}} Elegant Data Visualisations Using the Grammar of Graphics},
  shorttitle = {Ggplot2},
  author = {Wickham, Hadley and Chang, Winston and Henry, Lionel and Pedersen, Thomas Lin and Takahashi, Kohske and Wilke, Claus and Woo, Kara and Yutani, Hiroaki and Dunnington, Dewey and RStudio},
  year = {2021},
  month = jun,
  copyright = {MIT + file LICENSE}
}

@misc{wickhamTidyverseEasilyInstall2021,
  title = {Tidyverse: {{Easily}} Install and Load the 'Tidyverse'},
  shorttitle = {Tidyverse},
  author = {Wickham, Hadley},
  year = {2021},
  month = apr,
  copyright = {MIT + file LICENSE}
}

@article{wilsonDistributionDicotyledonousArable1995,
  title = {The Distribution of Dicotyledonous Arable Weeds in Relation to Distance from the Field Edge},
  author = {Wilson, P. J. and Aebischer, N. J.},
  year = {1995},
  journal = {Journal of Applied Ecology},
  volume = {32},
  number = {2},
  pages = {295--310},
  publisher = {{[British Ecological Society, Wiley]}},
  issn = {0021-8901},
  doi = {10/cf6rrp}
}

@article{wislerInteractionsWeedsCultivated2005,
  title = {Interactions between Weeds and Cultivated Plants as Related to Management of Plant Pathogens},
  author = {Wisler, Gail C. and Norris, Robert F.},
  year = {2005},
  journal = {Weed Science},
  volume = {53},
  number = {6},
  pages = {914--917},
  publisher = {{[Cambridge University Press, Weed Science Society of America]}},
  issn = {0043-1745},
  doi = {10/b8v78r}
}

@article{wortmanWeedyFallowAlternative2016,
  title = {Weedy Fallow as an Alternative Strategy for Reducing Nitrogen Loss from Annual Cropping Systems},
  author = {Wortman, Sam E.},
  year = {2016},
  month = oct,
  journal = {Agron. Sustain. Dev.},
  volume = {36},
  number = {4},
  pages = {61},
  issn = {1773-0155},
  doi = {10/f9cmqg},
  langid = {english}
}

@misc{xieBookdownAuthoringBooks2021,
  title = {Bookdown: {{Authoring}} Books and Technical Documents with {{R}} Markdown},
  shorttitle = {Bookdown},
  author = {Xie, Yihui and Allaire, J. J. and Kim, Albert and {Samuel-Rosa}, Alessandro and Oles, Andrzej and Yasumoto, Atsushi and Frederik, Aust and Quast, Bastiaan and Marwick, Ben and Ismay, Chester and Dervieux, Christophe and Franklund, Clifton and Emaasit, Daniel and Shuman, David and Attali, Dean and Tyre, Drew and Valentiner, Ellis and van Dunne, Frans and Wickham, Hadley and Allen, Jeff and Bryan, Jennifer and McPhers, Jonathan and Seo, JooYoung and Robbins, Joyce and Huang, Junwen and Cheung, Kevin and Ushey, Kevin and Seonghyun, Kim and Muller, Kirill and Selzer, Luciano and Lincoln, Matthew and Held, Maximilian and Sachs, Michael and Bojanowski, Michal and Werth, Nathan and Ross, Noam and Hickey, Peter and Marinho, Pedro Rafael D. and Lesur, Romain and Bhatnagar, Sahir and Dekel, Shir and Simpson, Steve and Onkelinx, Thierry and Fulco, Vincent and Qiu, Yixuan and Dong, Zhuoer and RStudio and PBC and {plugin)}, Bartek Szopka (The jQuery Highlight and js {library)}, Zeno Rocha (clipboard and library; authors listed in {inst/resources/AUTHORS)}, MathQuill contributors (The MathQuill and gitbook {style}, FriendCode Inc (The and {modifications)}, with},
  year = {2021},
  month = sep,
  copyright = {GPL-3}
}

@article{yagiokaEffectNotillageWeed2015,
  title = {Effect of No-Tillage with Weed Cover Mulching versus Conventional Tillage on Global Warming Potential and Nitrate Leaching},
  author = {Yagioka, Atsushi and Komatsuzaki, Masakazu and Kaneko, Nobuhiro and Ueno, Hideto},
  year = {2015},
  month = feb,
  journal = {Agriculture, Ecosystems \& Environment},
  volume = {200},
  pages = {42--53},
  issn = {0167-8809},
  doi = {10/f6x2p2},
  langid = {english}
}

@misc{zhuKableExtraConstructComplex2021,
  title = {{{kableExtra}}: {{Construct}} Complex Table with 'kable' and Pipe Syntax},
  shorttitle = {{{kableExtra}}},
  author = {Zhu, Hao and Travison, Thomas and Tsai, Timothy and Beasley, Will and Xie, Yihui and Yu, GuangChuang and Laurent, St{\'e}phane and Shepherd, Rob and Sidi, Yoni and Salzer, Brian and Gui, George and Fan, Yeliang and Murdoch, Duncan and Evans, Bill},
  year = {2021},
  month = feb,
  copyright = {MIT + file LICENSE}
}

@incollection{zimdahlIntroduction2018,
  title = {Introduction},
  booktitle = {Fundamentals of Weed Science},
  author = {Zimdahl, Robert L.},
  year = {2018},
  edition = {Fifth edition},
  publisher = {{AP, Academic Press, an imprint of Elsevier}},
  address = {{London San Diego, CA Cambridge, MA}},
  isbn = {978-0-12-811144-4 978-0-12-811143-7},
  annotation = {OCLC: 1033810719}
}

@incollection{zimdahlNeedHistoricalPerspective2012,
  title = {The Need for Historical Perspective},
  booktitle = {Weed {{Science}} - {{A Plea}} for {{Thought}} - {{Revisited}}},
  author = {Zimdahl, Robert L.},
  editor = {Zimdahl, Robert L.},
  year = {2012},
  series = {{{SpringerBriefs}} in {{Agriculture}}},
  pages = {1--23},
  publisher = {{Springer Netherlands}},
  address = {{Dordrecht}},
  doi = {10.1007/978-94-007-2088-6_1},
  isbn = {978-94-007-2088-6},
  langid = {english},
  keywords = {Sodium Arsenite,Sodium Chlorate,Spontaneous Generation,Weed Control,Weed Management}
}

@article{zimdahlWeedSciencePlea1991,
  title = {Weed Science, a Plea for Thought},
  author = {Zimdahl, Robert L.},
  year = {1991},
  keywords = {⛔ No DOI found}
}


